@online{bachelorProject,
    author = "SOFT instructors",
    title = "Bachelor project",
    url  = "https://datsoftlyngby.github.io/soft2020fall/resources/bbe51cf2-bachelorProject.pdfl",
    addendum = "(accessed: 10.03.2021)"
}

@article{einstein,
    author = "Albert Einstein",
    title = "{Zur Elektrodynamik bewegter K{\"o}rper}. ({German})
    [{On} the electrodynamics of moving bodies]",
    journal = "Annalen der Physik",
    volume = "322",
    number = "10",
    pages = "891--921",
    year = "1905",
    DOI = "http://dx.doi.org/10.1002/andp.19053221004",
    keywords = "physics"
}

@book{witcher,
    author    = "Andrzej Sapkowski",
    title     = "Sword of Destiny",
    year      = "2020",
    publisher = "Orion Publishing Co",
    ISBN   = "9781473231085"
}

@online{knuthwebsite,
    author = "Donald Knuth",
    title = "Knuth: Computers and Typesetting",
    url  = "http://www-cs-faculty.stanford.edu/~uno/abcde.html",
    addendum = "(accessed: 01.09.2016)",
    keywords = "latex,knuth"
}

@online{abenhansen,
    author    = "Kenneth Leo Hansen",
    title     = "LatexAssignment",
    url = "https://github.com/abenhansen/LatexAssignment",
     addendum = "(accessed: 11.03.2021)",
}

